
@book{greenberg1993computer,
  title={The computer user as toolsmith: The use, reuse and organization of computer-based tools},
  author={Greenberg, Saul},
  year={1993},
  publisher={Cambridge University Press}
}


@misc{luu2020clicomplexity,
    title = "The growth of command line options, 1979-Present",
    author = "Luu, Dan",
    year = "2020",
    howpublished = "[online]",
    url = "https://danluu.com/cli-complexity/",
    note = "[cit. 2020-03-03]"
}

@article{norman2007ui,
  title={UI breakthrough-command line interfaces},
  author={Norman, Don},
  journal={Jnd. org},
  year={2007},
  url={https://jnd.org/ui_breakthrough-command_line_interfaces}
}


@misc{stackoverflow2019devsurvey,
    key={Stack Overflow},
    title={Stack Overflow Developer Survey 2019}, 
    url="https://insights.stackoverflow.com/survey/2019", 
    howpublished = {[online]},
    organization={Stack Overflow},
    note = {[cit. 2020-03-06]}
}
% url="https://insights.stackoverflow.com/survey/2019#technology-_-developers-primary-operating-systems",

@article{ramey1994gnubash,
  title={What's GNU: Bash-The GNU Shell},
  author={Ramey, Chet},
  journal={Linux Journal},
  volume={1994},
  number={4es},
  pages={13},
  year={1994},
  publisher={Belltown Media},
  url={https://www.linuxjournal.com/article/2784}
}

@misc{apple2019zsh,
    key={Apple},
    title={Use zsh as the default shell on your Mac}, 
    url="https://support.apple.com/en-us/HT208050", 
    howpublished = {[online]},
    organization={Apple, Inc.},
    note = {[cit. 2020-03-06]}
}

@article{bashman,
  title={Bash reference manual},
  author={Ramey, Chet},
  journal={Network Theory Limited},
  volume={15},
  year={1998}
}



@misc{zshdocs,
    key={Zsh},
    title={ZSH Documentation},
    url="http://zsh.sourceforge.net/Doc/", 
    howpublished = {[online]},
    note = {[cit. 2020-03-06]}
}

@misc{fishdocs,
    key={Fish},
    title={Fish-shell documentation}, 
    url="https://fishshell.com/docs/current/index.html",
    howpublished = {[online]},
    note = {[cit. 2020-03-06]}
}


@misc{jones2011shells,
    title = "Evolution of shells in Linux: From Bourne to Bash and beyond",
    author = "Jones, M.",
    year= "2011",
    howpublished = "[online]",
    url = "https://developer.ibm.com/tutorials/l-linux-shells/",
    note = "[cit. 2020-03-06]"
}


@inproceedings{davison1997toward,
  title={Toward an adaptive command line interface},
  author={Davison, Brian D and Hirsh, Haym},
  booktitle={HCI (2)},
  pages={505--508},
  year={1997}
}
% 45% online accuracy
% older longer version of similar research https://rucore.libraries.rutgers.edu/rutgers-lib/59481/PDF/1/play/ (38%)
% newer more practical? easier to read https://www.aaai.org/Papers/Workshops/1998/WS-98-07/WS98-07-002.pdf



@inproceedings{korvemaker2000predicting,
  title={Predicting UNIX command lines: Adjusting to user patterns},
  author={Korvemaker, Benjamin and Greiner, Russell},
  booktitle={AAAI/IAAI},
  pages={230--235},
  year={2000}
}
% simple adaptaion and predictions to the user
% robust 50% accuracy of prediction of the next command (using 5 predictions)
% argues that it's very hard to improve this (the 50%)
% they also use greenberg's data
% they see value in context
% they did some interactive prototyping -> xterm title shows suggestions
% short paper (also has longer version)

% more refs
% https://scholar.google.com/scholar?hl=en&as_sdt=0%2C5&q=predicting+command+unix&btnG=


@inproceedings{fitchett2012accessrank,
  title={Accessrank: predicting what users will do next},
  author={Fitchett, Stephen and Cockburn, Andy},
  booktitle={Proceedings of the SIGCHI Conference on Human Factors in Computing Systems},
  pages={2239--2242},
  year={2012}
}
% multi purpose prediction algorithm
% they predicted commands/stubs (not command lines)
% 

@inproceedings{yoshida1994user,
  title={User command prediction by graph-based induction},
  author={Yoshida, Kenichi},
  booktitle={Proceedings Sixth International Conference on Tools with Artificial Intelligence. TAI 94},
  pages={732--735},
  year={1994},
  organization={IEEE}
}

% frecency algorithm
% https://developer.mozilla.org/en-US/docs/Mozilla/Tech/Places/Frecency_algorithm


@article{greenberg2001context,
  title={Context as a dynamic construct},
  author={Greenberg, Saul},
  journal={Human--Computer Interaction},
  volume={16},
  number={2-4},
  pages={257--268},
  year={2001},
  publisher={Taylor \& Francis}
}
% essential piece on how context is highly dynamic and any context-aware should act conservatively to not dissuade users
% ", a single inappropriate system action may be enough to preclude people from using it further"
% "observations of how the context-aware application performs in a real-world setting should inform its further design and redesign."
% Situated Action vs. plan-based approach
% Determining what information is necessary to infer a contextual state may be difficult
% Determining an appropriate action from a given context may be difficult



@article{bellotti2001intelligibility,
  title={Intelligibility and accountability: human considerations in context-aware systems},
  author={Bellotti, Victoria and Edwards, Keith},
  journal={Human--Computer Interaction},
  volume={16},
  number={2-4},
  pages={193--212},
  year={2001},
  publisher={Taylor \& Francis}
}
%  “There are human aspects of context that cannot be sensed or even inferred, so context-aware systems cannot be designed simply to act on our behalf.”


%% tools 

@misc{toolshstr,
    title = "bash and zsh shell history suggest box",
    author = "Dvorak, Martin",
    url = "https://github.com/dvorka/hstr",
    howpublished = {[online]},
    note = "[cit. 2020-03-19]"
}

% bashhub

@misc{toolsbashhubclient,
    title = "Bash history in the cloud. Indexed and searchable",
    author = "Caloras, Ryan",
    url = "https://github.com/rcaloras/bashhub-client",
    howpublished = {[online]},
    note = "[cit. 2020-03-19]"
}

@misc{toolsbashhubserver,
    title = "Private cloud shell history. Open source server for bashhub",
    author = "Sherron, Nick",
    url = "https://github.com/nicksherron/bashhub-server",
    howpublished = {[online]},
    note = "[cit. 2020-03-19]"
}

% mcfly

@misc{toolsmcfly,
    title = "Contextual history suggest box powered by a neural network",
    author = "Cantino, Andrew",
    url = "https://github.com/cantino/mcfly",
    howpublished = {[online]},
    note = "[cit. 2020-03-19]"
}

% more tools

@misc{toolsohmyzsh,
    title = "A delightful, open source, community-driven framework for managing your Zsh configuration",
    author = "Russell, Robby",
    url = "https://ohmyz.sh/",
    organization = "Planet Argon, LLC",
    howpublished = {[online]},
    note = "[cit. 2020-03-29]"
}

@article{reese2008nginx,
  title={Nginx: the high-performance web server and reverse proxy},
  author={Reese, Will},
  journal={Linux Journal},
  volume={2008},
  number={173},
  pages={2},
  year={2008},
  publisher={Belltown Media}
}

@misc{graphvizthedotlanguage,
    key="graphviz",
    title = "The DOT Language",
    url = "https://www.graphviz.org/doc/info/lang.html",
    howpublished = {[online]},
    note = "[cit. 2020-04-04]"
}

@inproceedings{ellson2001graphviz,
  title={Graphviz—open source graph drawing tools},
  author={Ellson, John and Gansner, Emden and Koutsofios, Lefteris and North, Stephen C and Woodhull, Gordon},
  booktitle={International Symposium on Graph Drawing},
  pages={483--484},
  year={2001},
  organization={Springer}
}

@misc{toolsfeh,
    title = "feh - a fast and light image viewer",
    author = "Friesel, Daniel",
    url = "https://feh.finalrewind.org/",
    howpublished = {[online]},
    note = "[cit. 2020-04-04]"
}

@misc{toolsfishissueautosuggestions,
    title = "A comment explaining Fish autosuggestions",
    author = "ridiculousfish (internet handle)",
    url = "https://github.com/fish-shell/fish-shell/issues/120\#issuecomment-6376019",
    howpublished = {[online]},
    note = "[cit. 2020-04-11]"
}
% https://github.com/fish-shell/fish-shell/issues/120#issuecomment-6376019

@misc{toolszshautosuggestions,
    key = "zshusers",
    title = "Fish-like autosuggestions for zsh",
    url = "https://github.com/zsh-users/zsh-autosuggestions",
    howpublished = {[online]},
    note = "[cit. 2020-04-11]"
}

@misc{toolszshhistdb,
    author = "Hinton, Tom",
    title = "A slightly better history for zsh",
    url = "https://github.com/larkery/zsh-histdb",
    howpublished = {[online]},
    note = "[cit. 2020-04-11]"
}

@misc{ramey2001gnureadline,
  title={GNU Readline Library},
  author={Ramey, Chet},
  year={2001}
}

% https://docs.blender.org/manual/en/2.82/editors/python_console.html

@misc{tools-blender-docs-python-console,
    key = "blender",
    title = "Python Console - Blender Manual",
    url = "https://docs.blender.org/manual/en/2.82/editors/python_console.html",
    howpublished = {[online]},
    note = "[cit. 2020-04-18]"
}


@misc{tools-fzf,
    title = "A command-line fuzzy finder",
    author = "Choi, Junegunn",
    url = "https://github.com/junegunn/fzf",
    howpublished = {[online]},
    note = "[cit. 2020-04-18]"
}

@misc{tools-advanced-shell-history,
    title = "Advanced command line shell history",
    author = "Anderson, Carl",
    url = "https://github.com/barabo/advanced-shell-history",
    howpublished = {[online]},
    note = "[cit. 2020-04-18]"
}

@misc{tools-advanced-shell-history,
    title = "Advanced command line shell history",
    author = "Anderson, Carl",
    url = "https://github.com/barabo/advanced-shell-history",
    howpublished = {[online]},
    note = "[cit. 2020-04-18]"
}

@misc{man-grep,
    key = "grep",
    title = "GNU Grep 3.4 - manual page",
    url = "https://www.gnu.org/software/grep/manual/grep.html",
    howpublished = {[online]},
    note = "[cit. 2020-04-23]"
}

@misc{man-make,
    key = "make",
    title = "GNU make - manual page",
    url = "https://www.gnu.org/software/make/manual/make.html",
    howpublished = {[online]},
    note = "[cit. 2020-04-23]"
}
@misc{docs-vagrantfile,
    key = "vagrant",
    title = "Vagrantfile - Vagrant documentaion",
    url = "https://www.vagrantup.com/docs/vagrantfile/",
    howpublished = {[online]},
    note = "[cit. 2020-04-23]"
}
@misc{docs-dockerfile,
    key = "dockerfile",
    title = "Dockerfile - Docker documentaion",
    url = "https://docs.docker.com/engine/reference/builder/",
    howpublished = {[online]},
    note = "[cit. 2020-04-23]"
}

@misc{sync-google-drive,
    key = "google-drive",
    title = "Google Drive - Free Clud Storage for Personal Use",
    url = "https://www.google.com/drive/",
    howpublished = {[online]},
    note = "[cit. 2020-05-09]"
}

@misc{sync-keybase,
    key = "keybase",
    title = "Keybase documentation",
    url = "https://book.keybase.io/docs/files",
    howpublished = {[online]},
    note = "[cit. 2020-05-09]"
}


@misc{lib-bash-preexec,
    key = "bash-preexec",
    author = "Caloras, Ryan",
    title = "preexec and precmd functions for Bash just like Zsh",
    url = "https://github.com/rcaloras/bash-preexec",
    howpublished = {[online]},
    note = "[cit. 2020-05-12]"
}


@misc{lib-bash-zsh-compat-widgets,
    key = "bash-zsh-compat-widgets",
    author = {Let, {\v{S}}imon},
    title = {Use the same function as both Zsh ZLE widget and Bash readline "widget"},
    url = "https://github.com/curusarn/bash-zsh-compat-widgets",
    howpublished = {[online]},
    note = "[cit. 2020-05-12]"
}


@misc{lib-gocui,
    key = "gocui",
    title = {Minimalist Go package aimed at creating Console User Interfaces},
    url = "https://github.com/awesome-gocui/gocui",
    howpublished = {[online]},
    note = "[cit. 2020-05-12]"
}


@misc{lib-go-channels,
    key = "go-channels",
    title = {The Go Programming Language Specification - Channel Types},
    url = "https://golang.org/ref/spec\#Channel_types",
    howpublished = {[online]},
    note = "[cit. 2020-05-15]"
}


@misc{lib-go-http,
    key = "go-http",
    title = {The Go Programming Language - Package http},
    url = "https://golang.org/pkg/net/http/",
    howpublished = {[online]},
    note = "[cit. 2020-05-15]"
}


@misc{lib-go-cobra,
    key = "go-cobra",
    title = {Cobra - A Commander for modern Go CLI interactions},
    url = " https://github.com/spf13/cobra",
    howpublished = {[online]},
    note = "[cit. 2020-05-15]"
}

@misc{resh-github-homepage,
    key = "resh-github",
    author = {Let, {\v{S}}imon},
    title = {Rich Enhanced Shell History - Contextual shell history for zsh and bash},
    url = "https://github.com/curusarn/resh",
    howpublished = {[online]},
    note = "[cit. 2020-05-15]"
}


@misc{installfest-talk,
    title = "Installfest talk: Contextual Shell History (transcript)",
    author = {Let, {\v{S}}imon},
    url = "https://www.simonlet.cz/talks/if20/",
    howpublished = {[online]},
    note = "[cit. 2020-05-23]"
}

@misc{installfest,
    key = "installfest",
    title = "Installfest conference",
    url = "https://installfest.cz/",
    howpublished = {[online]},
    note = "[cit. 2020-05-23]"
}

@misc{resh-github-releases,
    key = "resh-releases",
    title = {Releases of Rich Enhanced Shell History on GitHub},
    url = "https://github.com/curusarn/resh/releases",
    howpublished = {[online]},
    note = "[cit. 2020-05-15]"
}


@misc{github-actions,
    key = "github-actions",
    title = {GitHub Actions Documentation},
    url = "https://help.github.com/en/actions",
    howpublished = {[online]},
    note = "[cit. 2020-05-15]"
}


@misc{tools-goreleaser,
    key = "goreleaser",
    title = {Goreleaser - Release Go projects as fast and easily as possible!},
    url = "https://goreleaser.com/",
    howpublished = {[online]},
    note = "[cit. 2020-05-15]"
}

@misc{nielsen2012usability,
  title={Usability 101: Introduction to usability},
  author={Nielsen, Jakob},
  url = "https://www.nngroup.com/articles/usability-101-introduction-to-usability/",
  howpublished = {[online]},
  year={2012},
  note = "[cit. 2020-05-20]"
}

@article{whiteside1982people,
  title={How do people really use text editors?},
  author={Whiteside, John and Archer, Norman and Wixon, Dennis and Good, Michael},
  journal={ACM SIGOA Newsletter},
  volume={3},
  number={1-2},
  pages={29--40},
  year={1982},
  publisher={ACM New York, NY, USA}
}

@misc{github-stars,
    key = "github-stars",
    title = {GitHub Help - Saving repositories with stars},
    url = "https://help.github.com/en/github/getting-started-with-github/saving-repositories-with-stars",
    howpublished = {[online]},
    note = "[cit. 2020-05-20]"
}

@misc{resh-feedback,
    key = "resh-feedback",
    title = {Reddit post I created about this project},
    url = "https://www.reddit.com/r/linux/comments/es2ykj/i_made_a_cli_tool_that_searches_shell_history_by/",
    howpublished = {[online]},
    note = "[cit. 2020-05-20]"
}


@misc{resh-feedback2,
    key = "resh-feedback2",
    title = {Second Reddit post I created about this project},
    url = "https://www.reddit.com/r/linux/comments/gkuz23/i_have_created_a_cli_tool_to_search_your_shell/",
    howpublished = {[online]},
    note = "[cit. 2020-05-20]"
}


% the original idea of UCD ... I think
% BOOK
@book{norman1986user,
  title={User centered system design: New perspectives on human-computer interaction},
  author={Norman, Donald A and Draper, Stephen W},
  year={1986},
  publisher={CRC Press}
}

% maybe useful for something
% BOOK
@book{norman2013design,
  title={The design of everyday things: Revised and expanded edition},
  author={Norman, Don},
  year={2013},
  publisher={Basic books}
}

@article{nielsen1993iterative,
  title={Iterative user-interface design},
  author={Nielsen, Jakob},
  journal={Computer},
  volume={26},
  number={11},
  pages={32--41},
  year={1993},
  publisher={IEEE}
}

@misc{twitter-thread,
    key = "tw-thread",
    title = "Twitter thread about shell history related tools",
    url = "https://twitter.com/curusarn/status/1117143075913072645",
    howpublished = {[online]},
    note = "[cit. 2020-04-18]"
}

@article{nielsen2005power,
  title={The power of defaults},
  author={Nielsen, Jakob},
  journal={Jakob Nielsen’s Alertbox, September},
  volume={26},
  year={2005}
}



% TODO
% Github topics: https://github.com/topics/cli
% https://stackoverflow.com/questions/tagged/bash
% https://superuser.com/questions/tagged/command-line

@misc{bash-session-issues-1,
    title = "Bash history handling with multiple terminals",
    key = "session-issues",
    url = "https://askubuntu.com/questions/80371/bash-history-handling-with-multiple-terminals",
    howpublished = {[online]},
    note = "[cit. 2020-04-20]"
}

@misc{bash-session-issues-2,
    title = "Preserve bash history in multiple terminal windows",
    key = "session-issues-2",
    url = "https://unix.stackexchange.com/questions/1288/preserve-bash-history-in-multiple-terminal-windows",
    howpublished = {[online]},
    note = "[cit. 2020-04-20]"
}



@misc{,
    title = "",
    author = "",
    url = "",
    howpublished = {[online]},
    note = "[cit. 2020-04-18]"
}

